@book{young,
    title = {FÃ­sica III - Eletromagnetismo},
    author = {YOUNG & FREEDMAN},
    isbn = {9788543018157},
    year = 2015,
    publisher = {Pearson}
}

@misc{khanacademy,
  author       = {Khan Academy},
  title        = {Campos vetoriais conservativos},
  howpublished = {https://pt.khanacademy.org/math/multivariable-calculus/integrating-multivariable-functions/line-integrals-in-vector-fields-articles/a/conservative-fields}
  
}
