@book{young,
    title = {Física III - Eletromagnetismo},
    author = {YOUNG & FREEDMAN},
    isbn = {9788543018157},
    year = {2015},
    publisher = {Pearson},
    keywords = {física, eletromagnetismo}
}

@online{knuthwebsite,
    author = "Donald Knuth",
    title = "Knuth: Computers and Typesetting",
    url  = "http://www-cs-faculty.stanford.edu/~uno/abcde.html",
    addendum = "(accessed: 01.09.2016)",
    keywords = "latex,knuth"
}
